1071 1346
267 119 454 144 INDEX
491 119 772 145 CAPITUM.

821 188 858 209 1³23.

182 220 218 248 Dfi
226 212 288 239 πιών-ιι
296 213 404 246 ρᾳησιίοηηω
455 231 462 236 -
512 232 520 236 -
570 232 578 236 -
628 233 635 236 -
686 233 693 237 .
744 233 751 237 .
802 232 810 236 .
849 227 857 239 1

183 256 211 276 De
219 257 340 281 dimenstonibus
348 258 456 282 aquationum
507 267 513 272 -
564 268 571 272 -
628 269 635 273 .
686 269 693 273 .
744 269 751 273 -
801 268 809 273 -
848 258 860 275 6

391 334 405 353 Ρ
414 333 434 353 A
444 333 462 353 R
472 333 485 352 S
515 333 530 352 P
540 333 558 353 R
569 333 578 352 1
588 333 612 353 M
621 333 647 352 A.

183 387 211 406 De
219 387 331 406 concinnanda
339 388 428 412 aquatione
433 387 510 410 filiearia
568 398 578 412 -’
624 398 632 402 -
689 397 696 403 .
746 398 754 403 .
803 396 811 400 -
849 393 861 411 9

187 423 215 442 De
222 424 315 442 redufflone
325 425 432 448 aquationum
443 423 580 448 quadraticarum
631 434 638 439 -
688 435 695 438 -
745 434 752 438 -
803 435 810 438 .
837 430 844 442 1
849 431 859 448 3

185 459 213 478 De
221 460 303 478 radicibut
312 461 419 485 aquationum
427 460 565 485 qudran'carwn
597 471 600 474 ⁴
620 471 627 475 -
682 471 689 474 -
746 470 754 475 -
838 467 844 479 1
849 460 860 478 6

184 496 213 515 De
220 497 313 515 redamatu
321 498 429 521 aequamnum
438 502 475 521 quae
486 497 541 515 ardim'
549 496 686 521 quadraticarum
699 496 811 521 adfiribendae

218 537 248 551 unt
298 544 305 548 -
355 543 363 547 -
422 544 429 548 -
487 543 494 547 -
508 544 511 546 -
551 543 558 547 -
617 544 624 548 -
682 543 690 548 -
736 543 740 546 -
746 543 753 548 .
803 543 811 547 -
837 533 860 551 26

186 534 320 587 Desmraffime
328 569 390 587 radten·
392 569 452 594 surda
459 569 539 594 quadran*
547 569 612 587 bium}
675 579 683 584 -
740 579 747 584 -
803 579 810 584 -
837 570 860 587 2⁸

186 606 213 624 De
221 605 317 624 theoremate
327 606 393 624 binomia
404 615 408 617 Α
443 616 451 620 -
501 616 508 620 -
558 616 565 621 -
616 616 623 620 -
682 616 689 620 -
747 616 753 620 -
804 616 811 620 .
838 611 860 629 33

186 641 296 660 Thcoremaelr‘s
304 642 370 661 hinamii
381 642 482 666 invgstigatiu
540 652 548 657 -
604 652 611 657 -
670 653 677 657 -
740 652 747 657 .
804 652 811 656 -
836 647 860 666 37

363 717 458 738 PARS
486 717 677 738 SECUNDA.

186 772 214 790 De
227 773 316 797 aeqrqatione
323 771 377 796 finali
390 778 412 790 ex
420 771 483 789 duabus
493 771 591 797 pluribrgfve
604 772 659 791 mediis
674 772 752 790 elicienda
803 782 810 786 -
835 778 860 795 ⁴9

187 807 214 826 De
223 809 271 826 unica
282 808 364 832 incagnita
372 809 464 833 quantitate
472 808 553 826 eduabm
566 808 682 833 aquationibue
696 808 766 827 tollenda
804 819 811 824 ·
837 814 861 833 50

187 844 215 863 De
229 845 360 862 exterminatione
371 845 446 868 plurim
458 845 569 869 quantitatum
582 846 700 870 incognitarum
715 851 724 863 ε
734 845 810 869 pluribus

212 881 328 905 aquationibur
379 891 386 896 -
442 892 449 896 -
508 892 516 896 -
571 892 578 897 .
633 892 640 896 ..
690 892 697 897 .
748 893 755 897 .
805 892 812 897 .
838 887 848 906 7
850 888 860 906 3

188 917 215 936 De
223 918 355 936 exterminatione
363 918 474 942 quantitatum
476 917 571 942 surdarum
578 924 598 936 ex
606 918 722 942 aquationibus
760 929 767 932 -
805 929 811 933 -
838 919 848 936 8
853 924 859 935 ι

189 954 216 972 De
220 954 325 978 problematis
334 954 462 972 indeterminati:
513 965 520 968 -
570 965 577 970 -
628 964 634 969 -
689 964 696 969 -
746 964 755 968 -
804 965 812 969 -
837 955 861 977 84

385 1022 479 1042 PARS
508 1022 664 1043 TERTIA.

189 1074 217 1092 De
224 1078 287 1092 natura
295 1073 370 1092 radicum
378 1075 473 1099 aquationis
531 1085 539 1089 -
602 1085 609 1089 -
668 1085 675 1088 -
738 1085 745 1089 .
793 1085 801 1090 .
828 1080 834 1092 1
841 1080 859 1092 11

189 1110 216 1130 De
222 1117 287 1130 numera
295 1111 370 1130 radicum
377 1111 472 1136 aquationi:
535 1121 542 1126 -
605 1121 613 1125 -
675 1121 682 1126 .
735 1121 743 1126 .
793 1121 801 1126 .
827 1116 835 1129 1
840 1116 847 1128 1
851 1116 862 1135 5
